%@string{IDEAS = "International Data Engineering and Applications Symposium"}
@string{IDEAS="IDEAS"}
@string{IEEEBul = "IEEE Data Eng. Bull."}
%@string{XIMEP = "Int'l. Workshop on {XQuery} Implementation, Experience and Perspectives"}
@string{XIMEP="XIMEP"}
@string{WIDM = "Int'l. Workshop on Web Information and Data Management"}

@string{WISE = "Int'l. Conference on {Web} Information Systems Engineering"}

@string{SIGMOD = "Proc. of ACM SIGMOD  Conf. on Management of Data"}
%@string{SIGMOD="SIGMOD"}
@string{EDBT="Proc. of the Conf. on Extending Database Technology (EDBT)"}

@string{PODS="Proc. of the Symposium on Principles of Database Systems (PODS)"}
@string{ICDT="Proc. of the Int. Conf. on Database Theory (ICDT)"}

@string{ICDE = "Proc. of Int. Conf. on Data Engineering (ICDE)"}
%@string{ICDE="ICDE"}
@string{VLDB = "Proc.  of the Int. Conf. on  Very Large Data Bases (VLDB)"}
%@string{VLDB="VLDB"}
@string{VLDBJ = "VLDB Journal"}

@article{Natix,
author="Thorsten~Fiebig and Sven~Helmer and Carl-Christian~Kanne and Guido~Moerkotte and Julia~Neumann and Robert Schiele and Till~Westmann",
title="Anatomy of a native {XML} base management system",
journal=VLDBJ,
volume="11",
number="4",
pages="292-314",
year="2002"}

@inproceedings{GTP,
author="Z.~Chen and H.V.~Jagadish and L.~Lakshmanan and S.~Paparizos",
title="From Tree Patterns to Generalized Tree Patterns: On Efficient Evaluation of {XQuery}",
booktitle=VLDB,
year=2003}

@inproceedings{OzcanXIMEP2004,
  author    = {Kevin S. Beyer and
               Roberta Cochrane and
               Latha S. Colby and
               Fatma Ozcan and
               Hamid Pirahesh},
  title     = {{XQuery} for Analytics: Challenges and Requirements.},
  booktitle = "XIME-P",
  year      = {2004},
  pages     = {3-8},
}

@inproceedings{XAT,
author="Xin Zhang and Bradford Pielech and Elke Rundensteiner",
title="Honey, {I} shrunk the {XQuery}!: An {XML} algebra optimization approach",
booktitle="WIDM",
year="2002"}

@misc{OQL,
author="Sophie Cluet and Guido Moerkotte",
title="Nested Queries in Object Bases",
howpublished="Technical report",
year="1995"}

@inproceedings{YAT,
author="Sophie Cluet and Claude Delobel and J\'er\^ome Sim\'eon and Katarzyna Smaga",
title="Your Mediators Need Data Conversion~!",
booktitle=SIGMOD,
year=1998}%,
%pages="177-188"}

@inproceedings{ONeillSIGMOD2004,
author="P.~O'Neil and E.~O'Neil and S.~Pal and I.~Cseri and G.~Schaller and N.~Westbury",
title="{ORDPATH}s: Insert-Friendly {XML} Node Labels",
year="2004",
booktitle=SIGMOD}%,
%pages="903-908"}


@inproceedings{HolisticTwigJoins,
author="N.~Bruno and N.~Koudas and D.~Srivastava",
title="Holistic twig joins: Optimal {XML} pattern matching",
booktitle=SIGMOD,
year="2002"}

@inproceedings{OrientX,
author="Xiaofeng Meng and Yu Jiang and Yan Chen and Haixun Wang",
title="XSeq: An Index Infrastructure for Tree Pattern Queries",
booktitle=SIGMOD,
year=2004}%,
%pages="941-942"}

@inproceedings{SAL,
author="Catriel Beeri and Yariv Tzaban",
title="{SAL}: An Algebra for Semistructured Data and {XML}",
booktitle="WebDB",
year="1999"}% (Informal Proceedings) 1999: 37-42

@inproceedings{Michiels,
title="Avoiding Unnecessary Ordering Operations in {XPath}",
author="Jan Hidders and Philippe Michiels",
booktitle="DBPL",
year=2003}

@inproceedings{DanaXMLSym,
author="Yanlei Diao and Daniela Florescu and Donald Kossmann and Michael J. Carey and Michael J. Franklin",
title="Implementing Memoization in a Streaming {XQuery} Processor",
booktitle="XML Symposium",
year="2004"}
%: 35-50

@inproceedings{LCL,
author="S.~Paparizos and Y.~Wu and L.~Lakshmanan and H.~Jagadish",
title="Tree Logical Classes for the Efficient Evaluation of {XQuery}",
booktitle="SIGMOD",
year="2004"}

@article{DanaVLDB2004,
author="D.~Florescu and C.~Hillery and D.~Kossmann and P.~Lucas and F.~Riccardi and T.~Westmann and M.~Carey and A.~Sundararajan",
title="The {BEA} streaming {XQuery} processor",
journal=VLDBJ,
volume="13",
year="2004"}%,
%pages="294-315"}


@BOOK{Kuhn,
 title = "The Structure of Scientific Revolutions",
 author = "T. S. Kuhn",
 year = 1962
}

@article{XIMEP-SIGMOD-Record,
author="Ioana Manolescu and Yannis Papakonstantinou",
title="Report on the First {XIME-P} Workshop",
journal="SIGMOD Record",
volume="33(4)",
year=2004}


@inproceedings{YannisVLDB2004,
author="Alin Deutsch and Yannis Papakonstantinou and Yu Xu",
title="The {NEXT} Logical Framework for {XQuery}",
booktitle=VLDB,
year="2004"}%,
%pages="168-179"}

@inproceedings{Re06,
author="Christopher Re and J\'er\^ome Sim\'eon and Mary Fern\'andez",
title="A complete and efficient algebraic compiler for {XQuery}",
booktitle=ICDE,
year="2006"}

@inproceedings{MichielsTreePattern07,
author="Philippe Michiels and George A. Mihaila and J\'er\^ome Sim\'eon",
title="Put a {T}ree {P}attern in {Y}our {A}lgebra",
booktitle=ICDE,
year="2007"}%,
%pages="246-255"}

@inproceedings{IoanaFQAS06,
  author    = {Andrei Arion and
               V{\'e}ronique Benzaken and
               Ioana Manolescu and
               Yannis Papakonstantinou and
               Ravi Vijay},
  title     = {Algebra-Based Identification of Tree Patterns in {XQuery}},
  booktitle = {FQAS},
  year      = {2006},
  pages     = {13-25}}

@article{NicoleSerge,
author="Serge Abiteboul and Nicole Bidoit",
title="Non First Normal Form Relations: An Algebra Allowing Data Restructuring",
journal="JCSS", 
volume="33(3)", 
pages="361-393", 
year=1986}

@misc{WiscMaier, 
title="Putting {XML} Query Algebras into Context",
author="Stratis~D .~Viglas and Leonidas~Galanis and David~J.~DeWitt and David~Maier and Jeffrey~F.~Naughton",
howpublished="Available at:~\textsf{\small http://www.cs.wisc.edu/niagara/Publications.html}"}

@inproceedings{Sartiani-Algebra,
author="Carlo~Sartiani and Antonio~Albano",
title="Yet Another Query Algebra For {XML} Data",
booktitle=IDEAS,
year=2002}%,
%pages="106-115"}

@book{Silberschatz,
author="A.~Silberschatz and H.~Korth and S.~Sudarshan",
title="Database System Concepts",
publisher="McGraw-Hill",
year=2001}

@inproceedings{Graefe90Volcano,
author="Goetz Graefe",
title="Encapsulation of Parallelism in the Volcano Query Processing System",
booktitle=SIGMOD,
year="1990"}
%,
%pages="102-111"}


@inproceedings{TAX,
author="H.~V.~Jagadish and Laks~V.~S.~Lakshmanan and Divesh~Srivastava and Keith~Thompson",
title="{TAX}: A Tree Algebra for {XML}",
booktitle="DBPL",
year="2001"}
%,
%page="149-164"}

@misc{XQuery,
title="The {XQ}uery Language",key="xml-query",
howpublished="www.w3.org/TR/xquery",year="2004"}

@misc{XQFS,
title="{XQ}uery 1.0 {F}ormal {S}emantics",
key="xml-semantics",
howpublished="www.w3.org/TR/2005/WD-xquery-semantics"}


@misc{XQDM,
title="{XQ}uery 1.0 and {XP}ath 2.0 {D}ata {M}odel",
key="xml-datamodel",
howpublished="www.w3.org/TR/xpath-datamodel"}


@misc{XQFO,
title="{XQ}uery 1.0 and {XP}ath 2.0 {F}unctions and {O}perators",
key="xml-fo",
howpublished="www.w3.org/TR/xpath-functions"}


@inproceedings{StructJoins,
author="S.~Al-Khalifa and H.V.~Jagadish and J.M.~Patel and Y.~Wu and N.~Koudas and D.~Srivastava",
title="Structural Joins: A Primitive for Efficient {XML} Query Pattern Matching",
booktitle=ICDE,
year="2002"}

@article{Graefe93,
title="Query Evaluation Techniques for Large Databases",
author="Goetz Graefe",
journal="{ACM} Computing Surveys",
volume="25(2)",
pages="73--170",
year=1993,
month="June"}


@inproceedings{GraefeHashTeams,
author="Goetz Graefe",
title="The Value of Merge-Join and Hash-Join in {SQL} Server",
booktitle="VLDB",
year=1999,
pages="250-253"}


@article{NatixVLDBJ,
author="T.~Fiebig and S.~Helmer and C.~Kanne and G.~Moerkotte and J.~Neumann and R.~Schiele and T.~Westmann",
title="Anatomy of a native {XML} base management system",
journal="VLDB J",
volume="11",
number="4",
year="2002"}

@book{Ullman,
author="Jeffrey Ullman",
title="Principles of Database and Knowledge-Base Systems",
publisher="Computer Science Press",
year="1988"}

@article{Enosys,
author="Yannis Papakonstantinou and Vinayak R. Borkar and Maxim Orgiyan and Konstantinos Stathatos and Lucian Suta and Vasilis Vassalos and Pavel Velikhov",
title="{XML} queries and algebra in the {Enosys} integration platform",
journal="Data Knowl. Eng.",
volume="44",
number="3",
pages="299-322",
year="2003"}

@article{Timber,
author="H. V. Jagadish and Shurug Al-Khalifa and Adriane Chapman and Laks V. S. Lakshmanan and Andrew Nierman and Stelios Paparizos and Jignesh M. Patel and Divesh Srivastava and Nuwee Wiwatwattana and Yuqing Wu and Cong Yu",
title="{TIMBER}: A native {XML} database",
journal=VLDBJ,
volume="11",
number="4",
pages="274-291",
year="2002"}

@inproceedings{JeromeXIMEP,
author="A.~Vyas and M.~Fern\'andez and J.~Sim\'eon",
title="The Simplest {XML} Storage Manager Ever",
booktitle=XIMEP,
year="2004"}

@article{Lore,
author="J. McHugh and S. Abiteboul and R. Goldman and D. Quass and J. Widom", title="Lore: A Database Management System for Semistructured Data",
journal="SIGMOD Record",
volume="26(3)",
pages="54-66",
year=1997,
month="September"}

@inproceedings{JeromeUpdates,
author="Gargi~Sur and Joachim~Hammer and J\'er\^ome Sim\'eon",
title="{UpdateX} - An {XQuery}-Based Language for Processing Updates in {XML}",
booktitle="Plan-X",
year="2004"}

%% maybe there are better references ?
%% check at http://davis.wpi.edu/~dsrg/rainbow/publications.htm

@misc{Rainbow,
author="X.~Zhang and E.~Rundensteiner",
title="{XAT}: {XML} Algebra for {Rainbow} System",
howpublished="Technical Report. WPI-CS-TR-02-24",
month="July",
year="2002"}
